@book{Brecht1966Perguntas,
  title     = {Poemas e can{\c{c}}{\~o}es},
  author    = {Brecht, Bertolt},
  year      = {1966},
  publisher = {Civiliza{\c{c}}{\~a}o Brasileira},
  address   = {S{\~a}o Paulo},
  note      = {Poema "Perguntas a um trabalhador que l{\^e}"}
}

@book{Taylor1911,
  author    = {Taylor, Frederick Winslow},
  title     = {The Principles of Scientific Management},
  year      = {1911},
  publisher = {Harper \& Brothers},
  address   = {New York}
}

@book{Marx1844,
  author    = {Marx, Karl},
  title     = {Economic and Philosophic Manuscripts of 1844},
  year      = {1992},
  publisher = {Penguin Classics},
  address   = {London},
  note      = {Originalmente escrito em 1844.}
}

@book{GraySuri2019,
  author    = {Gray, Mary L. and Suri, Siddharth},
  title     = {Ghost Work: How to Stop Silicon Valley from Building a New Global Underclass},
  year      = {2019},
  publisher = {Eamon Dolan Books},
  address   = {Boston}
}

@book{VieiraPinto2005,
  author    = {Vieira Pinto, {\'A}lvaro},
  title     = {O Conceito de Tecnologia},
  year      = {2005},
  publisher = {Contraponto},
  address   = {Rio de Janeiro},
  volume    = {1 e 2},
  note      = {Manuscrito conclu√≠do em 1973.}
}

@book{Galbraith1967,
  author    = {Galbraith, John Kenneth},
  title     = {The New Industrial State},
  year      = {1967},
  publisher = {Houghton Mifflin Company},
  address   = {Boston}
}

@book{Feenberg1999,
  author    = {Feenberg, Andrew},
  title     = {Questioning Technology},
  year      = {1999},
  publisher = {Routledge},
  address   = {London; New York}
}

@inproceedings{Bender2021,
  author    = {Bender, Emily M. and Gebru, Timnit and McMillan-Major, Angelina and Shmitchell, Shmargaret},
  title     = {On the Dangers of Stochastic Parrots: Can Language Models Be Too Big?},
  booktitle = {Proceedings of the 2021 ACM Conference on Fairness, Accountability, and Transparency},
  series    = {FAccT '21},
  year      = {2021},
  pages     = {610--623},
  publisher = {Association for Computing Machinery},
  address   = {New York, NY, USA},
  doi       = {10.1145/3442188.3445922}
}

@book{BijkerPinch1989,
  editor    = {Bijker, Wiebe E. and Hughes, Thomas P. and Pinch, Trevor},
  title     = {The Social Construction of Technological Systems: New Directions in the Sociology and History of Technology},
  year      = {1989},
  publisher = {MIT Press},
  address   = {Cambridge, MA}
}

@misc{EU_AI_Act2024,
  author    = {{Uni{\~a}o Europeia}},
  title     = {Regulamento (UE) 2024/1689 do Parlamento Europeu e do Conselho, de 13 de junho de 2024, que estabelece regras harmonizadas em mat{\'e}ria de intelig{\^e}ncia artificial (Lei da Intelig{\^e}ncia Artificial)},
  year      = {2024},
  howpublished = {Jornal Oficial da Uni{\~a}o Europeia},
  note      = {Publicado em 12 de julho de 2024, L/2024/1689}
}

@misc{Brasil_PL2338,
  author    = {{Brasil. Congresso Nacional. Senado Federal}},
  title     = {Projeto de Lei n{\textordmasculine} 2338, de 2023},
  year      = {2023},
  howpublished = {Disp{\~o}e sobre o desenvolvimento, o fomento e o uso {\'e}tico e respons{\'a}vel da intelig{\^e}ncia artificial com base na centralidade da pessoa humana.},
  note      = {Apresentado ao Senado Federal em 03 de maio de 2023.}
}

@misc{WGA_MBA2023,
  author    = {{Writers Guild of America}},
  title     = {2023 Theatrical and Television Basic Agreement},
  year      = {2023},
  howpublished = {Acordo Coletivo de Trabalho},
  note      = {Vigente a partir de 25 de setembro de 2023.}
}